<record><leader>00000cas a22000007a 4500</leader><controlfield tag="001">9624357</controlfield><controlfield tag="008">830620d18381838mduwr ne      0    0eng  </controlfield><datafield ind1=" " ind2=" " tag="010"><subfield code="a">sn 83016201 </subfield></datafield><datafield ind1=" " ind2=" " tag="040"><subfield code="a">DLC</subfield><subfield code="b">eng</subfield><subfield code="c">DLC</subfield><subfield code="d">MFN</subfield><subfield code="d">DLC</subfield><subfield code="d">OCLCQ</subfield></datafield><datafield ind1=" " ind2=" " tag="042"><subfield code="a">msc</subfield></datafield><datafield ind1="0" ind2="0" tag="050"><subfield code="a">Newspaper</subfield></datafield><datafield ind1="0" ind2=" " tag="130"><subfield code="a">Herald (Princess Anne, Md. : 1838)</subfield></datafield><datafield ind1="1" ind2="4" tag="245"><subfield code="a">The herald.</subfield></datafield><datafield ind1=" " ind2=" " tag="260"><subfield code="a">Princess Anne, Md. :</subfield><subfield code="b">C.C. Carroll</subfield></datafield><datafield ind1=" " ind2=" " tag="300"><subfield code="a">v.</subfield></datafield><datafield ind1=" " ind2=" " tag="310"><subfield code="a">Weekly</subfield></datafield><datafield ind1="1" ind2=" " tag="362"><subfield code="a">Began in 1838.</subfield></datafield><datafield ind1="0" ind2=" " tag="362"><subfield code="a">-v. 11, no. 15 (Aug. 28, 1838).</subfield></datafield><datafield ind1=" " ind2=" " tag="588"><subfield code="a">Description based on: Vol. 11, no. 1 (May 22, 1838).</subfield></datafield><datafield ind1=" " ind2=" " tag="752"><subfield code="a">United States</subfield><subfield code="b">Maryland</subfield><subfield code="c">Somerset</subfield><subfield code="d">Princess Anne.</subfield></datafield><datafield ind1="0" ind2="0" tag="780"><subfield code="t">Village herald (Princess Anne, Md.)</subfield><subfield code="w">(DLC)sn 83016200</subfield></datafield><datafield ind1="0" ind2="0" tag="785"><subfield code="t">Somerset herald (Princess Anne, Md. : 1838)</subfield><subfield code="w">(DLC)sn 83016202</subfield></datafield><datafield ind1="1" ind2=" " tag="029"><subfield code="a">AU@</subfield><subfield code="b">000026220497</subfield></datafield></record>